<record><leader>00000cas a2200000 a 4500</leader><controlfield tag="001">10541513</controlfield><controlfield tag="008">840320d18021829njuwr ne      0   a0eng c</controlfield><datafield ind1=" " ind2=" " tag="010"><subfield code="a">sn 84026654 </subfield></datafield><datafield ind1=" " ind2=" " tag="040"><subfield code="a">NPU</subfield><subfield code="b">eng</subfield><subfield code="c">NPU</subfield><subfield code="d">DLC</subfield><subfield code="d">NPX</subfield><subfield code="d">NPA</subfield><subfield code="d">NJW</subfield><subfield code="d">DLC</subfield><subfield code="d">NYS</subfield><subfield code="d">OCLCQ</subfield><subfield code="d">OCLCG</subfield><subfield code="d">BUF</subfield><subfield code="d">KRTAS</subfield><subfield code="d">OCLCQ</subfield><subfield code="d">HUL</subfield><subfield code="d">DLC</subfield><subfield code="d">HUL</subfield><subfield code="d">OCLCA</subfield><subfield code="d">OCLCF</subfield><subfield code="d">HUL</subfield><subfield code="d">CUS</subfield></datafield><datafield ind1="0" ind2=" " tag="022"><subfield code="a">2326-4357</subfield><subfield code="l">2326-4357</subfield><subfield code="2">1</subfield></datafield><datafield ind1=" " ind2=" " tag="042"><subfield code="a">pcc</subfield><subfield code="a">nsdp</subfield></datafield><datafield ind1=" " ind2=" " tag="043"><subfield code="a">n-us-nj</subfield></datafield><datafield ind1="0" ind2="0" tag="050"><subfield code="a">Newspaper</subfield></datafield><datafield ind1="1" ind2="4" tag="050"><subfield code="a">AN246</subfield><subfield code="b">.T43</subfield></datafield><datafield ind1="1" ind2="0" tag="082"><subfield code="a">071</subfield><subfield code="2">23</subfield></datafield><datafield ind1=" " ind2="0" tag="222"><subfield code="a">Trenton federalist</subfield></datafield><datafield ind1="0" ind2="0" tag="245"><subfield code="a">Trenton federalist.</subfield></datafield><datafield ind1=" " ind2=" " tag="260"><subfield code="a">Trenton [N.J.] :</subfield><subfield code="b">Printed by Sherman &amp; Mershon,</subfield><subfield code="c">1802-1829.</subfield></datafield><datafield ind1=" " ind2=" " tag="300"><subfield code="a">v. :</subfield><subfield code="b">ill. (chiefly advertisements)</subfield></datafield><datafield ind1=" " ind2=" " tag="310"><subfield code="a">Weekly</subfield></datafield><datafield ind1="0" ind2=" " tag="362"><subfield code="a">Vol. 4, no. 167 (May 11, 1802)-v. 30, no. 1582 (June 29, 1829).</subfield></datafield><datafield ind1=" " ind2=" " tag="500"><subfield code="a">Imprint varies: Printed by Sherman &amp; Mershon, 1802-1803; Sherman &amp; Mershon, 1803-1806; George Sherman, 1806-1812; Printed by George Sherman, 1812-1829.</subfield></datafield><datafield ind1=" " ind2=" " tag="500"><subfield code="a">References: Brigham, C.S. Amer. newspapers, p. 517.</subfield></datafield><datafield ind1=" " ind2=" " tag="530"><subfield code="a">Available on microfilm from Readex (Early American Newspapers).</subfield></datafield><datafield ind1=" " ind2="0" tag="651"><subfield code="a">Trenton (N.J.)</subfield><subfield code="v">Newspapers.</subfield></datafield><datafield ind1=" " ind2="0" tag="651"><subfield code="a">Mercer County (N.J.)</subfield><subfield code="v">Newspapers.</subfield></datafield><datafield ind1=" " ind2="7" tag="651"><subfield code="a">New Jersey</subfield><subfield code="z">Mercer County.</subfield><subfield code="2">fast</subfield><subfield code="0">(OCoLC)fst01212736</subfield></datafield><datafield ind1=" " ind2="7" tag="651"><subfield code="a">New Jersey</subfield><subfield code="z">Trenton.</subfield><subfield code="2">fast</subfield><subfield code="0">(OCoLC)fst01207908</subfield></datafield><datafield ind1=" " ind2="7" tag="655"><subfield code="a">Newspapers.</subfield><subfield code="2">fast</subfield><subfield code="0">(OCoLC)fst01423814</subfield></datafield><datafield ind1="1" ind2=" " tag="700"><subfield code="a">Sherman, George,</subfield><subfield code="d">1774?-1835.</subfield></datafield><datafield ind1="1" ind2=" " tag="700"><subfield code="a">Mershon, John,</subfield><subfield code="d">-1806.</subfield></datafield><datafield ind1=" " ind2=" " tag="752"><subfield code="a">United States</subfield><subfield code="b">New Jersey</subfield><subfield code="c">Mercer</subfield><subfield code="d">Trenton.</subfield></datafield><datafield ind1="0" ind2="0" tag="780"><subfield code="t">Federalist &amp; New-Jersey State gazette</subfield><subfield code="w">(DLC)sn 84025699</subfield><subfield code="w">(OCoLC)10293195</subfield></datafield><datafield ind1="0" ind2="7" tag="785"><subfield code="t">True American (Trenton, N.J. : 1801)</subfield><subfield code="x">2325-5722</subfield><subfield code="w">(DLC)sn 84026655</subfield><subfield code="w">(OCoLC)10541233</subfield></datafield><datafield ind1="0" ind2="7" tag="785"><subfield code="t">New-Jersey State gazette (Trenton, N.J. : 1829)</subfield><subfield code="x">2332-919X</subfield><subfield code="w">(DLC)sn 84026297</subfield><subfield code="w">(OCoLC)10376946</subfield></datafield><datafield ind1="4" ind2="1" tag="856"><subfield code="3">1802-05-11 to 1818-12-28.</subfield><subfield code="u">http://infoweb.newsbank.com/?db=EANX&amp;s_browseRef=decades/110118BAA8DF8810/all.xml</subfield></datafield><datafield ind1=" " ind2=" " tag="938"><subfield code="a">Kirtas Technologies, Inc.</subfield><subfield code="b">KRTS</subfield><subfield code="n">738304</subfield></datafield><datafield ind1="1" ind2=" " tag="029"><subfield code="a">AU@</subfield><subfield code="b">000020333412</subfield></datafield></record>